@String{ApJ = "The Astrophysial Journal"}
@String{MNRAS = "Monthly Notices of the Royal Astronomical Society"}
@String{A&A = "Astronomy & Astrophysics"}
@String{arXiv = "arXiv"}

@article{ID66,
doi = {10.1086/306963},
url = {https://dx.doi.org/10.1086/306963},
year = {1999},
month = {apr},
publisher = {},
volume = {514},
number = {2},
pages = {818},
author = {Leo Blitz and David N. Spergel and Peter J. Teuben and Dap Hartmann and W. Butler Burton},
title = {High-Velocity Clouds: Building Blocks of the Local Group},
journal = {ApJ}
}

@article{ID68,
       author = {Ichiro Kawaguchi},
        title = {On the Excitation and Ionization Temperature of the Hydrogen in the Chromosphere},
      journal = {Publications of the Astronomical Society of Japan},
         year = 1952,
        month = jan,
       volume = {4},
        pages = {131},
       adsurl = {https://ui.adsabs.harvard.edu/abs/1952PASJ....4..131K},
      adsnote = {Provided by the SAO/NASA Astrophysics Data System}
}

@unpublished{ID58,
  author = {Affan Khadir and Ayush Pandhi and Sebastian Hutschenreuter and Brian M Gaensler and Shannon Vanderwoude and Jennifer L West and Shane P O'Sullivan},
  note   = {Submitted to {ApJ}},
  title  = {Choosing interpolation techniques for reconstructing Galactic Faraday rotation},
  year   = {2024}
}

@article{ID55,
  author={Bagchi, S. and Mitra, S.K.},
  journal={IEEE Transactions on Circuits and Systems II: Analog and Digital Signal Processing}, 
  title={The nonuniform discrete Fourier transform and its applications in filter design. II. 2-D}, 
  year={1996},
  volume={43},
  number={6},
  pages={434-444},
  keywords={Discrete Fourier transforms;Finite impulse response filter;Sampling methods;Shape;Passband;Nonuniform sampling;Two dimensional displays;Frequency domain analysis;Design methodology;Fourier transforms},
  doi={10.1109/82.502316}
  }

@article{ID57,
  author = {Greengard, Leslie and Lee, June-Yub},
  title = {Accelerating the Nonuniform Fast Fourier Transform},
  journal = {Society for Industrial and Applied Mathematics Reviews},
  volume = {46},
  number = {3},
  pages = {443-454},
  year = {2004},
  doi = {10.1137/S003614450343200X},
  URL = {https://doi.org/10.1137/S003614450343200X},
  eprint = {https://doi.org/10.1137/S003614450343200X}
}

@article{ID69,
    author = {Heitsch, F and Marchal, A and Miville-DeschÃªnes, M-A and Shull, J M and Fox, A J},
    title = "{Mass, morphing, metallicities: the evolution of infalling high velocity clouds}",
    journal = {Monthly Notices of the Royal Astronomical Society},
    volume = {509},
    number = {3},
    pages = {4515-4531},
    year = {2021},
    month = {11},
    issn = {0035-8711},
    doi = {10.1093/mnras/stab3266},
    url = {https://doi.org/10.1093/mnras/stab3266},
    eprint = {https://academic.oup.com/mnras/article-pdf/509/3/4515/41640963/stab3266.pdf},
}