@String{ApJ = "The Astrophysial Journal"}
@String{MNRAS = "Monthly Notices of the Royal Astronomical Society"}
@String{A&A = "Astronomy & Astrophysics"}

@article{ID2,
author={},
title={Measurement of a magnetic field in a leading arm high-velocity cloud},
journal={},
year={2010},
volume={},
pages={},
number={},
doi={10.1088/0004-637X/725/1/275}
}

@article{ID3,
author={},
title={High-Velocity Clouds in the galactic all sky survey. I. Catalog},
journal={},
year={2013},
volume={},
pages={},
number={},
doi={10.1088/0067-0049/209/1/12}
}



@article{ID5,
author={},
title={Constraining the Magnetic Field of the Smith High-velocity Cloud Using Faraday Rotation},
journal={},
year={2019},
volume={},
pages={},
number={},
doi={10.3847/1538-4357/aaf886}
}

@article{ID6,
author={},
title={A new all-sky map of Galactic high-velocity clouds from the 21-cm HI4PI survey},
journal={},
year={2018},
volume={},
pages={},
number={},
doi={10.1093/mnras/stx2757}
}

@article{ID7,
author={},
title={High-Velocity Clouds},
journal={},
year={1991},
volume={},
pages={},
number={},
doi={10.1017/S0074180900088884}
}

@article{ID8,
author={},
title={High-Velocity Clouds},
journal={},
year={1997},
volume={},
pages={},
number={},
url={}
}

@article{ID9,
author={},
title={The Galactic Halo Ionizing Field and H alpha Distances to HVCs},
journal={},
year={1999},
volume={},
pages={},
number={},
doi={10.48550/arXiv.astro-ph/9812297}
}

@article{ID10,
author={},
title={Draping of Cluster Magnetic Fields over Bullets and Bubbles—Morphology and Dynamic Effects},
journal={},
year={2008},
volume={},
pages={},
number={},
url={}
}



@article{ID12,
author={},
title={Zeeman splitting of HI toward high velocity clouds and NGC 1275},
journal={},
year={1991},
volume={},
pages={},
number={},
url={}
}

@article{ID13,
author={},
title={Dynamical evolution of high velocity clouds in the intergalactic medium},
journal={},
year={2002},
volume={},
pages={},
number={},
doi={10.1051/0004-6361:20020863}
}

@article{ID14,
author={},
title={Faraday rotation measure synthesis},
journal={},
year={2005},
volume={},
pages={},
number={},
doi={10.1051/0004-6361:20052990}
}



@article{ID16,
author={},
title={The magnetic field in the disk of our Galaxy},
journal={},
year={1994},
volume={},
pages={},
number={},
url={}
}



@article{ID18,
author={},
title={A Rotation Measure Image of the Sky},
journal={},
year={2009},
volume={},
pages={},
number={},
doi={10.1088/0004-637X/702/2/1230}
}

@article{ID19,
author={},
title={Gaseous Galaxy Halos},
journal={},
year={2012},
volume={},
pages={},
number={},
url={}
}

@article{ID20,
author={},
title={DNE},
journal={},
year={2017},
volume={},
pages={},
number={},
url={}
}

@article{ID21,
author={},
title={The latitude dependence of the rotation measures of NVSS sources},
journal={},
year={2010},
volume={},
pages={},
number={},
doi={10.48550/arXiv.1011.0737}
}



@article{ID23,
author={},
title={Magnetized High Velocity Clouds in the Galactic Halo: A New Distance Constraint},
journal={},
year={2017},
volume={},
pages={},
number={},
doi={10.3847/1538-4357/aa7ed2}
}

@article{ID24,
author={},
title={Magnetic Fields in the Galactic Halo Restrict Fountain-driven Recycling and Accretion},
journal={},
year={2018},
volume={},
pages={},
number={},
doi={10.3847/1538-4357/aada0e}
}

@article{ID25,
author={},
title={The Fate of High-Velocity Clouds: Warm or Cold Cosmic Rain?},
journal={},
year={2009},
volume={},
pages={},
number={},
doi={10.1088/0004-637X/698/2/1485}
}

@article{ID26,
author={},
title={Magnetized Gas in the Smith High Velocity Cloud},
journal={},
year={2013},
volume={},
pages={},
number={},
doi={10.1088/0004-637X/777/1/55}
}

@article{ID27,
author={},
title={Detection of a Coherent Magnetic Field in the Magellanic Bridge through Faraday Rotation},
journal={},
year={2017},
volume={},
pages={},
number={},
url={}
}

@article{ID28,
author={},
title={The Smith Cloud: A High-Velocity Cloud Colliding with the Milky Way},
journal={},
year={2008},
volume={},
pages={},
number={},
url={}
}



@article{ID30,
author={},
title={A Survey of Extragalactic Faraday Rotation at High Galactic Latitude: The Vertical Magnetic Field of the Milky Way Toward the Galactic Poles},
journal={},
year={2010},
volume={},
pages={},
number={},
doi={10.1088/0004-637X/714/2/1170}
}





@article{ID33,
author={Asger Grønnow and  Thor Tepper-García and  Joss Bland-Hawthorn and  Filippo Fraternali},
title={The role of the halo magnetic field on accretion through high-velocity clouds},
journal=MNRAS,
year={2022},
volume={509},
pages={5756–5770},
number={4},
doi={10.1093/mnras/stab3452}
}

@article{ID34,
author={},
title={Magnetic field draping around clumpy high-velocity clouds in galactic halo},
journal={},
year={2022},
volume={},
pages={},
number={},
url={}
}



@article{ID36,
author={},
title={Distant probes of rotation measure structure: where is the Faraday rotation towards the Magellanic Leading Arm?},
journal={},
year={2021},
volume={},
pages={},
number={},
doi={10.1093/mnras/stab2773}
}

@article{ID37,
author={},
title={The interstellar environment of our galaxy},
journal={},
year={2001},
volume={},
pages={},
number={},
doi={10.1103/RevModPhys.73.1031}
}

@article{ID38,
author={},
title={Different Approaches to Blurring Digital Images and Their Effect on Facial Detection},
journal={},
year={2019},
volume={},
pages={},
number={},
url={https://scholarworks.uark.edu/csceuht/66?utm_source=scholarworks.uark.edu%2Fcsceuht%2F66&utm_medium=PDF&utm_campaign=PDFCoverPages}
}

@article{ID39,
author={},
title={A Fast Two-Dimensional Median Filtering Algorithm},
journal={},
year={1979},
volume={},
pages={},
number={},
url={https://ieeexplore.ieee.org/stamp/stamp.jsp?arnumber=1163188}
}

@article{ID40,
author={},
title={Does median filtering truly preserve edges better than linear filtering?},
journal={},
year={2009},
volume={},
pages={},
number={},
doi={10.1214/08-AOS604}
}

@article{ID41,
author={},
title={Nonlinear Signal Processing: A Statistical Approach},
journal={},
year={2004},
volume={},
pages={},
number={},
url={}
}

@article{ID42,
author={},
title={Origin of strong magnetic fields in Milky Way-like galactic haloes},
journal={},
year={2012},
volume={},
pages={},
number={},
url={}
}

@article{ID43,
author={},
title={A Full-Sky Hα Template for Microwave Foreground Prediction},
journal={},
year={2003},
volume={},
pages={},
number={},
doi={10.1086/374411/fulltext/57214.text.html}
}

@article{ID44,
author={},
title={The Galactic Faraday depth sky revisited},
journal={},
year={2020},
volume={},
pages={},
number={},
doi={10.1051/0004-6361/201935479}
}

@article{ID45,
author={},
title={The Galactic Faraday rotation sky 2020},
journal={},
year={2022},
volume={},
pages={},
number={},
doi={10.1051/0004-6361/202140486}
}

@article{ID46,
author={},
title={Dust-to-neutral gas ratio of the intermediate- and high-velocity H I clouds derived based on the sub-mm dust emission for the whole sky},
journal={},
year={2024},
volume={},
pages={},
number={},
doi={10.1093/mnras/stae302}
}



@article{ID48,
author={},
title={A Multiwavelength Optical Emission Line Survey of Warm Ionized Gas in the Galaxy},
journal={},
year={2006},
volume={},
pages={},
number={},
doi={10.48550/arXiv.astro-ph/0609558}
}

@article{ID49,
author={},
title={Ionized Gas in the Smith Cloud},
journal={},
year={2009},
volume={},
pages={},
number={},
url={}
}