@String{ApJ = "The Astrophysial Journal"}
@String{MNRAS = "Monthly Notices of the Royal Astronomical Society"}
@String{A&A = "Astronomy & Astrophysics"}
@String{arXiv = "arXiv"}

@unpublished{ID1,
  author = {S. Vanderwoude and J. L. West and B. M. Gaensler and L. Rudnick and C. L. VanEck and A. J. M. Thomson and H.Andernach and C. S. Anderson and E. Carretti and G. H. Heald and J. P. Leahy and N. M. McClure-Griffiths and S. P. O'Sullivan and M. Tahani and A. G. Willis},
  note   = {Submitted to ApJ},
  title  = {Prototype Faraday rotation measure catalogs from the Polarization Sky Survey of the Universe’s Magnetism (POSSUM) pilot observations},
  year   = {2024}
}

@unpublished{ID4,
  author = {Seoyoung Lyla Jung and N. M. McClure-Griffiths and Ruediger Pakmor and Yik Ki Ma and Alex S. Hill and Cameron L. Van Eck and Craig S. Anderson},
  note   = {Accepted to MNRAS},
  title  = {Sampling the Faraday rotation sky of TNG50: Imprint of the magnetised circumgalactic medium around Milky Way-like galaxies},
  year   = {2023}
}

@inbook{ID35,
  author         = {Felix J. Lockman},
  chapter        = {53},
  pages          = {239–242},
  title          = {High-Velocity Clouds Merging with the Milky Way},
  year           = {2008},
  crossref       = "Jerjen"
}

@book{Jerjen,
  author         = {Jerjen H. and Koribalski B.},
  publisher      = {Springer},
  title          = {Galaxies in the Local Volume},
  year           = {2008},
  isbn           = {978-1-4020-6932-1}
}

@honoursthesis{ID38,
  author  = {Erich-Matthew Pulfer},
  school  = {University of Arkansas},
  title   = {Different Approaches to Blurring Digital Images and Their Effect on Facial Detection},
  year    = {2019}
}

@conference{ID47,
  author          = {Wolfire M. G. and McKee C. F. and Hollenbach D. J. and Tielens A. G. G. M.},
  booktitle       = {Bulletin of the American Astronomical Society},
  editor          = {American Astronomical Society},
  title           = {Multiphase Structure of the Galactic Halo},
  year            = {1993},
  volume          = {25},
  pages           = {1462},
  series          = {183}
}

@conference{ID52,
  author          = {B. M. Gaensler and T. L. Landecker and A. R. Taylor},
  booktitle       = {Bulletin of the American Astronomical Society},
  editor          = {American Astronomical Society},
  title           = {Survey Science with ASKAP: Polarisation Sky Survey of the Universes's Magnetism (POSSUM)},
  year            = {2010}
}