% ID28
@article{Lockman_2008,
   title={The Smith Cloud: A High-Velocity Cloud Colliding with the Milky Way},
   volume={679},
   ISSN={1538-4357},
   url={http://dx.doi.org/10.1086/588838},
   DOI={10.1086/588838},
   number={1},
   journal={The Astrophysical Journal},
   publisher={American Astronomical Society},
   author={Lockman, Felix J. and Benjamin, Robert A. and Heroux, A. J. and Langston, Glen I.},
   year={2008},
   month=may, pages={L21–L24} }

% Loi_2019
@article{ID59,
   author = {Loi, F and Murgia, M and Govoni, F and Vacca, V and Prandoni, I and Bonafede, A and Feretti, L},
   title = "{Simulations of the polarized radio sky and predictions on the confusion limit in polarization for future radio surveys}",
   journal = {Monthly Notices of the Royal Astronomical Society},
   volume = {485},
   number = {4},
   pages = {5285-5293},
   year = {2019},
   month = {02},
   issn = {0035-8711},
   doi = {10.1093/mnras/stz350}
}

% Macquart_2012
@article{ID60,
   doi = {10.1088/0004-637X/750/2/139},
   year = {2012},
   month = {apr},
   publisher = {The American Astronomical Society},
   volume = {750},
   number = {2},
   pages = {139},
   author = {J.-P. Macquart and R. D. Ekers and I. Feain and M. Johnston-Hollitt},
   title = {On the reliability of polarization estimation using rotation measure synthesis},
   journal = {The Astrophysical Journal}
}

% ID52
@inproceedings{Gaensler_2010,
       author = {{Gaensler}, Bryan M. and {Landecker}, T.~L. and {Taylor}, A.~R. and {POSSUM Collaboration}},
        title = "{Survey Science with ASKAP: Polarization Sky Survey of the Universe's Magnetism (POSSUM)}",
    booktitle = {American Astronomical Society Meeting Abstracts \#215},
         year = 2010,
       series = {American Astronomical Society Meeting Abstracts},
       volume = {215},
        month = jan,
          eid = {470.13},
        pages = {470.13},
       adsurl = {https://ui.adsabs.harvard.edu/abs/2010AAS...21547013G},
      adsnote = {Provided by the SAO/NASA Astrophysics Data System}
}

% Hotan_2021
@article{ID61,
   title={Australian square kilometre array pathfinder: I. system description},
   volume={38},
   DOI={10.1017/pasa.2021.1},
   journal={Publications of the Astronomical Society of Australia},
   author={Hotan, A. W. and Bunton, J. D. and Chippendale, A. P. and Whiting, M. and Tuthill, J. and Moss, V. A. and McConnell, D. and Amy, S. W. and Huynh, M. T. and Allison, J. R. and et al.},
   year={2021},
   pages={e009}
}

% Tepper-García_2017
@article{ID64,
    author = {Tepper-García, Thor and Bland-Hawthorn, Joss},
    title = "{The Smith Cloud: surviving a high-speed transit of the Galactic disc}",
    journal = {Monthly Notices of the Royal Astronomical Society},
    volume = {473},
    number = {4},
    pages = {5514-5531},
    year = {2017},
    month = {10},
    issn = {0035-8711},
    doi = {10.1093/mnras/stx2680}
}
