@String {LFP84 = "Proceedings of the 1984 ACM Symposium on LISP and Functional Programming"}
@String {SDE1 = "Proceedings of the 1st ACM SIGSOFT/SIGPLAN Software Engineering Symposium on Practical Software Development Environments"}

@String{ApJ = "The Astrophysial Journal"}
@String{MNRAS = "Monthly Notices of the Royal Astronomical Society"}
@String{A&A = "Astronomy & Astrophysics"}

@ARTICLE{LH:83,
  author = {Asger Grønnow  and Thor Tepper-García and Joss Bland-Hawthorn and Filippo Fraternali},
  title = {A real-time garbage collector based on the lifetimes of objects},
  journal = ApJ,
  year = {1983},
  volume = {26},
  pages = {419--429},
  number = {6},
  doi = {10.1145/358141.358147}
}

@article{ID33A,
author={Asger Grønnow and  Thor Tepper-García and  Joss Bland-Hawthorn and  Filippo Fraternali},
title={The role of the halo magnetic field on accretion through high-velocity clouds},
journal=MNRAS,
year={2022},
volume={509},
pages={5756–5770},
number={4},
doi={10.1093/mnras/stab3452}
}

@InProceedings{Moon:84,
	author = {David A. Moon},
	title = {Garbage collection in a large {LISP} system},
	crossref = {LFP:84},
	pages = {235--246},
	doi = {10.1145/800055.802040},
}

@Proceedings{LFP:84,
	title = LFP84,
	booktitle = LFP84,
	shortname = "LFP '84",
	year = {1984},
	month = aug,
	location = {Austin, Texas, USA},
	publisher = {ACM},
	address = {New York, New York, USA},
	isbn = {0-89791-142-3},
}	

@InProceedings{Ungar:84,
	author = {David Ungar},
	title = {Generation Scavenging: A non-disruptive high performance storage reclamation algorithm},
	crossref = {SDE:1},
	pages = {157--167},
	doi = {10.1145/800020.808261},
}
@Proceedings{SDE:1,
	title = SDE1,
	booktitle = SDE1,
	shortname = "SDE 1",
	year = {1984},
	month = apr,
	location = {Pittsburgh, Pennsylvania, USA},
	publisher = {ACM},
	address = {New York, New York, USA},
	isbn = {0-89791-131-8},
}